% Encoding: UTF-8

@String{ijcai71 = {Proc. 2nd Int. Joint Conf. on Artificial Intelligence}}

@InProceedings{Herlihy1987,
  author    = {Herlihy, M. P. and Wing, J. M.},
  booktitle = {Proceedings of the 14th ACM SIGACT-SIGPLAN symposium on Principles of programming languages},
  title     = {Axioms for concurrent objects},
  pages     = {13--26},
  year      = {1987},
}

@InProceedings{Milner1971,
  author    = {R. Milner},
  booktitle = ijcai71,
  title     = {An Algebraic Definition of Simulation between Programs},
  pages     = {481--489},
  publisher = {British Computer Society},
  year      = {1971},
}

@Article{Borosh1976,
  author  = {Borosh, I. and Treybig, L. B.},
  title   = {Bounds on positive integral solutions of linear Diophantine equations},
  number  = {2},
  pages   = {299--304},
  volume  = {55},
  journal = {Proceedings of the American Mathematical Society},
  year    = {1976},
}

@Article{Cooper1972,
  author  = {Cooper, D. C},
  title   = {Theorem proving in arithmetic without multiplication},
  number  = {91-99},
  pages   = {300},
  volume  = {7},
  journal = {Machine intelligence},
  year    = {1972},
}

@InProceedings{Fernau2015,
  author       = {Fernau, H. and Paramasivan, M. and Schmid, M. L.},
  booktitle    = {International Conference on Implementation and Application of Automata},
  title        = {Jumping finite automata: characterizations and complexity},
  organization = {Springer},
  pages        = {89--101},
  year         = {2015},
}

@Article{Emerson1996,
  author    = {Emerson, E. A. and Sistla, A. P.},
  title     = {Symmetry and model checking},
  number    = {1-2},
  pages     = {105--131},
  volume    = {9},
  journal   = {Formal methods in system design},
  publisher = {Springer},
  year      = {1996},
}

@InProceedings{Hoffmann2020,
  author       = {Hoffmann, S.},
  booktitle    = {International Conference on Descriptional Complexity of Formal Systems},
  title        = {State Complexity Bounds for the Commutative Closure of Group Languages},
  organization = {Springer},
  pages        = {64--77},
  year         = {2020},
}

@Article{Brzozowski1973,
  author    = {Brzozowski, J. A. and Simon, I.},
  title     = {Characterizations of locally testable events},
  number    = {3},
  pages     = {243--271},
  volume    = {4},
  journal   = {Discrete Mathematics},
  publisher = {Elsevier},
  year      = {1973},
}

@InProceedings{Henzinger1997,
  author    = {T.A. Henzinger and O. Kupferman and S. Rajamani},
  booktitle = {Proc. 8th Conferance on Concurrency Theory},
  title     = {Fair simulation},
  publisher = {Springer-Verlag},
  series    = {Lecture Notes in Computer Science},
  volume    = {1243},
  address   = {Warsaw},
  month     = {July},
  year      = {1997},
}

@InProceedings{Almagor2020b,
  author    = {S. Almagor},
  booktitle = {40th International Conference on Foundation of Software Technology and Theoretical Computer Science, {FSTTCS} 2020},
  title     = {Process Symmetry in Probabilistic Transducers},
  year      = {2020},
}

@Article{Haase2018,
  author    = {C. Haase},
  title     = {A survival guide to presburger arithmetic},
  number    = {3},
  pages     = {67--82},
  url       = {https://dl.acm.org/citation.cfm?id=3242964},
  volume    = {5},
  bibsource = {dblp computer science bibliography, https://dblp.org},
  biburl    = {https://dblp.org/rec/journals/siglog/Haase18.bib},
  journal   = {{ACM} {SIGLOG} News},
  year      = {2018},
}

@Article{Parikh1966,
  author  = {R. J. Parikh},
  title   = {On context-free languages},
  number  = {4},
  pages   = {570--581},
  volume  = {13},
  journal = {J. of the ACM},
  year    = {1966},
}

@InProceedings{Verma2005,
  author       = {Verma, K. N. and Seidl, H. and Schwentick, T.},
  booktitle    = {International Conference on Automated Deduction},
  title        = {On the complexity of equational horn clauses},
  organization = {Springer},
  pages        = {337--352},
  year         = {2005},
}

@Article{Meduna2012,
  author    = {Meduna, A. and Zemek, P.},
  title     = {Jumping finite automata},
  number    = {07},
  pages     = {1555--1578},
  volume    = {23},
  journal   = {International Journal of Foundations of Computer Science},
  publisher = {World Scientific},
  year      = {2012},
}

@Article{Clarke1996,
  author    = {Clarke, E. M. and Enders, R. and Filkorn, T. and Jha, S.},
  title     = {Exploiting symmetry in temporal logic model checking},
  number    = {1-2},
  pages     = {77--104},
  volume    = {9},
  journal   = {Formal methods in system design},
  publisher = {Springer},
  year      = {1996},
}

@InProceedings{Alur2010,
  author = {Alur, R.},
  booktitle = {IARCS Annual Conference on Foundations of Software Technology and Theoretical Computer Science, {FSTTCS} 2010},
  title  = {Expressiveness of streaming string transducers},
  year   = {2010},
}

@Article{Oppen1978,
  author    = {Oppen, D. C.},
  title     = {A 222pn upper bound on the complexity of Presburger arithmetic},
  number    = {3},
  pages     = {323--332},
  volume    = {16},
  journal   = {Journal of Computer and System Sciences},
  publisher = {Elsevier},
  year      = {1978},
}

@Book{Clarke2018a,
  title     = {Handbook of Model Checking},
  editor    = {E.M. Clarke and T.A. Henzinger and H. Veith and R. Bloem},
  publisher = {Springer},
  year      = {2018},
}

@Book{Cameron1999,
  author    = {Cameron, P. J. and others},
  title     = {Permutation groups},
  publisher = {Cambridge University Press},
  volume    = {45},
  year      = {1999},
}

@book{Fischer1974,
  title={Super-exponential Complexity of Presburger Arithmetic},
  author={M.J. Fischer and M.O. Rabin},
  series={Project MAC: MAC technical memorandum},
  url={https://books.google.co.il/books?id=ijoNHAAACAAJ},
  year={1974},
  pages = {27--41},
  publisher={Massachusetts Institute of Technology Project MAC}
}

@Article{Ip1996,
  author    = {Ip, C. N. and Dill, D. L.},
  title     = {Better verification through symmetry},
  number    = {1-2},
  pages     = {41--75},
  volume    = {9},
  journal   = {Formal methods in system design},
  publisher = {Springer},
  year      = {1996},
}

@InProceedings{Lin2016,
  author       = {Lin, A. W. and Nguyen, T. K. and R{\"u}mmer, P. and Sun, J.},
  booktitle    = {International Conference on Verification, Model Checking, and Abstract Interpretation},
  title        = {Regular symmetry patterns},
  organization = {Springer},
  pages        = {455--475},
  year         = {2016},
}

@article{kao2009nfas,
  title={On NFAs where all states are final, initial, or both},
  author={Kao, Jui-Yi and Rampersad, Narad and Shallit, Jeffrey},
  journal={Theoretical Computer Science},
  volume={410},
  number={47-49},
  pages={5010--5021},
  year={2009},
  publisher={Elsevier}
}


%%%%% EXAMPLES %%%%%

@book{Knuth1981,
  author      = {Donald E. Knuth},
  title       = {The Art of Computer Programming, Volume II: Seminumerical
                 Algorithms, 2nd Edition},
  publisher   = {Addison-Wesley},
  year        = {1981},
  isbn        = {0-201-03822-6},
}

@book{Knuth1973,
  author      = {Donald E. Knuth},
  title       = {The Art of Computer Programming, Volume I: Fundamental Algorithms,
                 2nd Edition.},
  publisher   = {Addison-Wesley},
  year        = {1973},
  bibsource   = {DBLP, http://dblp.uni-trier.de}
}

@book{Papadimitriou1994,
  title       = {Computational Complexity},
  booktitle   = {Computational Complexity},
  author      = {Christos M. Papadimitriou},
  ISBN        = {0201530821},
  publisher   = {Addison-Wesley},
  address     = {Reading, Massachusetts},
  year        = {1994},
}

@book{AHU1982,
  author      = {Alfred V. Aho and
                 John E. Hopcroft and
                 Jeffrey D. Ullman},
  title       = {Data Structures and Algorithms},
  year        = {1982},
  publisher   = {Addison-Wesley},
  series      = {Addison-Wesley Series in Computer Science and Information Processing},
 }

@book{AHU1974,
  author      = {Alfred V. Aho and
                 John E. Hopcroft and
                 Jeffrey D. Ullman},
  title       = {The Design and Analysis of Computer Algorithms},
  year        = {1974},
  publisher   = {Addison-Wesley},
  series      = {Addison-Wesley Series in Computer Science and Information Processing},
 }

@book{CLR,
  author      = {Thomas H. Cormen and
                 Clifford Stein and
                 Ronald L. Rivest and
                 Charles E. Leiserson},
  title       = {Introduction to Algorithms},
  year        = {2001},
  isbn        = {0070131511},
  publisher   = {McGraw-Hill Higher Education},
}

@book{HU,
  author      = {John E. Hopcroft and
                 Jeffrey D. Ullman},
  year        = {1979},
  title       = {Introduction to Automata Theory, Languages, and Computation},
  publisher   = {Addison-Wesley},
  address     = {Reading, Massachusetts}
}

@Book{ASE,
  author      = {Noga Alon and Joel H. Spencer and Paul Erd{\H{o}}s},
  title       = {The Probabilistic Method},
  publisher   = {John Wiley and Sons, Inc.},
  year        = {1992},
  series      = {Wiley-Interscience Series in Discrete Mathematics and Optimization},
}

@article{Gowers2007,
  author      = {William Timothy Gowers},
  title       = {Hypergraph regularity and the multidimensional Szemer\'{e}di theorem},
  journal     = {Annals of Mathematics},
  volume      = {166},
  number      = {3},
  year        = {2007},
  pages       = {897--946},
  doi         = {http://dx.doi.org/10.4007/annals.2007.166.897 },
  publisher   = {Princeton University & Institute of Advanced Studies},
  address     = {Princeton, NJ, USA}
}

@article{Gowers2006,
  author      = {William Timothy Gowers},
  title       = {Quasirandomness, Counting and Regularity for 3-Uniform Hypergraphs},
  journal     = {Combinatorics, Probability and Computing},
  volume      = {15},
  issue       = {1-2},
  month       = {January},
  year        = {2006},
  issn        = {0963-5483},
  pages       = {143--184},
  numpages    = {42},
  doi         = {10.1017/S0963548305007236},
  publisher   = {Cambridge University Press},
  address     = {New York, NY, USA},
}

@article{Pikhurko2010,
  author      = {Oleg Pikhorko},
  title       = {An analytic approach to stability},
  journal     = {Discrete Mathematics},
  volume      = {310},
  number      = {21},
  pages       = {2951 - 2964},
  year        = {2010},
}

@article{NN,
  author      = {Joseph (Seffi) Naor and
                 Moni Naor},
  title       = {Small-bias probability spaces: efficient constructions and applications},
  journal     = {SIAM Journal on Computing},
  volume      = {22},
  issue       = {4},
  month       = {August},
  year        = {1993},
  pages       = {838--856},
  publisher   = {Society for Industrial and Applied Mathematics},
  address     = {Philadelphia, PA, USA},
  note        = {An earlier version appeared in the proceedings of the 22\xnd STOC, 1990},
}

@article {AGHP,
  author      = {Noga Alon and
                 Oded Goldreich and
                 Johan H{\aa}stad and
                 Ren\'{e} Peralta},
  title       = {Simple Constructions of Almost k-wise Independent Random Variables},
  journal     = {Random Structures \& Algorithms},
  volume      = {3},
  number      = {3},
  publisher   = {Wiley Subscription Services, Inc., A Wiley Company},
  pages       = {289--304},
  year        = {1992},
}

@book{Papadimitriou,
  author      = {Christos H. Papadimitriou},
  address     = {Massachussetts},
  publisher   = {Addison Wesley Publishing Company},
  title       = {Computational Complexity},
  year        = {1994}
}

@incollection{Shaltiel,
  author      = {Ronen Shaltiel},
  title       = {Recent Developments in Explicit Constructions of Extractors},
  booktitle   = {Current Trends in Theoretical Computer Science: The Challenge of the New Century},
  editor      = {G. Paun and G. Rozenberg and A. Salomaa},
  publisher   = {World Scientific Publishing},
  year        = {2004},
  volume      = {1},
  pages       = {229--264},
}

@inproceedings{Yao1977,
  author      = {Andrew Chi-Chih Yao},
  title       = {Probabilistic Computations: Toward a Unified Measure of
                 Complexity (Extended Abstract)},
  booktitle   = {18th FOCS},
  year        = {1977},
  pages       = {222-227},
}

@article{Behrend,
  author      = {Felix A. Behrend},
  title       = {On sets of integers which contain no three terms in arithmetical progression},
  journal     = {Proceedings of the National Academy of Sciences of the USA},
  volume      = {32},
  year        = {1946},
  pages       = {331--332},
}

@article{ABI,
  author      = {Noga Alon and
                 Laszlo Babai and
                 Alon Itai},
  title       = {A fast and simple randomized parallel algorithm for the maximal independent set problem},
  journal     = {Journal of Algorithms},
  volume      = {7},
  number      = {4},
  pages       = {567--583},
  year        = {1986},
  issn        = {0196-6774},
  url         = {http://www.sciencedirect.com/science/article/pii/0196677486900192},
}

@misc{Ishigami,
  author      = {Yoshiyasu Ishigami},
  title       = {A Simple Regularization of Hypergraphs},
  year        = {2009},
  note        = {available from the following URL:\\ \url{http://arxiv.org/abs/math/0612838}},
}

@article {NRS,
  author      = {Brendan Nagle and
                 Vojt\v{e}ch R\"{o}dl and
                 Mathias Schacht},
  title       = {The counting lemma for regular k-uniform hypergraphs},
  journal     = {Random Structures \& Algorithms},
  volume      = {28},
  number      = {2},
  publisher   = {Wiley Subscription Services, Inc., A Wiley Company},
  pages       = {113--179},
  year        = {2006},
}


@article{Hoeffding,
  author      = {Wassily Hoeffding},
  title       = {Probability inequalities for sums of bounded random variables},
  journal     = {Journal of the American Statistical Association},
  volume      = {58},
  pages       = {13--30},
  year        = {1963},
}
