@article{AbuNassar2022-foracks,
  title={Simulation by Rounds of Letter-to-Letter Transducers, full version},
  author={Antonio Abu Nassar and Shaull Almagor},
  journal={ArXiv},
  year={2022},
  volume={abs/2105.01512}
}

@inproceedings{DBLP:conf/csl/NassarA22,
  author    = {Antonio Abu Nassar and
               Shaull Almagor},
  editor    = {Florin Manea and
               Alex Simpson},
  title     = {Simulation by Rounds of Letter-To-Letter Transducers},
  booktitle = {30th {EACSL} Annual Conference on Computer Science Logic, {CSL} 2022,
               February 14-19, 2022, G{\"{o}}ttingen, Germany (Virtual Conference)},
  series    = {LIPIcs},
  volume    = {216},
  pages     = {3:1--3:17},
  publisher = {Schloss Dagstuhl - Leibniz-Zentrum f{\"{u}}r Informatik},
  year      = {2022},
  url       = {https://doi.org/10.4230/LIPIcs.CSL.2022.3},
  doi       = {10.4230/LIPIcs.CSL.2022.3},
  timestamp = {Thu, 27 Jan 2022 17:51:51 +0100},
  biburl    = {https://dblp.org/rec/conf/csl/NassarA22.bib},
  bibsource = {dblp computer science bibliography, https://dblp.org}
}
